<?xml version="1.0" encoding="UTF-8" ?>
<collection xmlns:xsi="http://www.w3.org/2001/XMLSchema-instance"
    xsi:schemaLocation="http://www.loc.gov/MARC21/slim
        http://www.loc.gov/standards/marcxml/schema/MARC21slim.xsd"
    xmlns="http://www.loc.gov/MARC21/slim">
<record>
  <leader>00267cam a2200517 ia4500</leader>
  <controlfield tag="001">b12684405</controlfield>
  <controlfield tag="003">LeBAU</controlfield>
  <controlfield tag="005">20170102</controlfield>
  <controlfield tag="008">970927s1908    ua            ||0 0 ara d</controlfield>
  <datafield tag="035" ind1=" " ind2=" ">
    <subfield code="a">ocm40971657 </subfield>
  </datafield>
  <datafield tag="040" ind1=" " ind2=" ">
    <subfield code="a">LEAUB</subfield>
    <subfield code="b">ara</subfield>
    <subfield code="e">rda</subfield>
    <subfield code="c">LEAUB</subfield>
    <subfield code="d">LEAUB</subfield>
  </datafield>
  <datafield tag="082" ind1="0" ind2="4">
    <subfield code="a">953.8</subfield>
    <subfield code="2">22</subfield>
  </datafield>
  <datafield tag="100" ind1="1" ind2=" ">
    <subfield code="6">880-01</subfield>
    <subfield code="a">Samhūdī, ʻAlī ibn ʻAbd Allāh,</subfield>
    <subfield code="d">1440-1506,</subfield>
    <subfield code="e">author.</subfield>
  </datafield>
  <datafield tag="245" ind1="1" ind2="0">
    <subfield code="6">880-02</subfield>
    <subfield code="a">Kitāb Wafā’ al-wafā bi-akhbār dār al-Muṣṭafá ṣallá Allāh ‘alayhi wa-sallam /</subfield>
    <subfield code="c">ta’līf al-shaykh al-imām al-‘allāmah wa-al-‘umdah al-fahhāmah shaykh al-Islām wa-muftī al-anām wa-awḥad al-‘ulamā’ al-a‘lām dhū al-taṣānīf al-mufīdah wa-al-mu’allafāt al-farīdah al-‘adīdah al-sayyid al-sharīf Nūr al-Dīn ‘Alī ibn al-Sayyid al-sharīf al-‘ālim al-‘allāmah al-muḥaqqiq al-mudaqqiq Jamāl al-Dīn Abū al-Maḥāsin ‘Abd Allāh ibn al-Sayyid al-sharīf Shihāb al-Dīn ibn al-‘Abbās Aḥmad al-Ḥusaynī al-Shāfi‘ī al-Samhūdī, nazīl Ṭībah al-musharrafah.</subfield>
  </datafield>
  <datafield tag="246" ind1="3" ind2="0">
    <subfield code="6">880-03</subfield>
    <subfield code="a">Wafā’ al-wafā bi-akhbār dār al-Muṣṭafá</subfield>
  </datafield>
  <datafield tag="264" ind1=" " ind2="1">
    <subfield code="6">880-04</subfield>
    <subfield code="a">Miṣr :</subfield>
    <subfield code="b">Maṭba‘at al-Ādāb wa-al-Mu’ayyad,</subfield>
    <subfield code="c">1326 [H.], [1908? M.]</subfield>
  </datafield>
  <datafield tag="300" ind1=" " ind2=" ">
    <subfield code="6">880-05</subfield>
    <subfield code="a">4 volumes ;</subfield>
    <subfield code="c">23 cm</subfield>
  </datafield>
  <datafield tag="336" ind1=" " ind2=" ">
    <subfield code="a">text</subfield>
    <subfield code="b">txt</subfield>
    <subfield code="2">rdacontent</subfield>
  </datafield>
  <datafield tag="337" ind1=" " ind2=" ">
    <subfield code="a">unmediated</subfield>
    <subfield code="b">n</subfield>
    <subfield code="2">rdamedia</subfield>
  </datafield>
  <datafield tag="338" ind1=" " ind2=" ">
    <subfield code="a">volume</subfield>
    <subfield code="b">nc</subfield>
    <subfield code="2">rdacarrier</subfield>
  </datafield>
  <datafield tag="590" ind1=" " ind2=" ">
    <subfield code="a">في المكتبة: الأجزاء 1-2 من إصدار مطبعة الآداب والمؤيد؛ والأجزاء 3-4 من إصدار مطبعة السعادة.</subfield>
  </datafield>
  <datafield tag="650" ind1=" " ind2="4">
    <subfield code="a">المزارات الاسلامية</subfield>
    <subfield code="z">السعودية</subfield>
    <subfield code="z">المدينة المنورة.</subfield>
  </datafield>
  <datafield tag="650" ind1=" " ind2="0">
    <subfield code="a">Islamic shrines</subfield>
    <subfield code="z">Saudi Arabia</subfield>
    <subfield code="z">Medina.</subfield>
  </datafield>
  <datafield tag="651" ind1=" " ind2="4">
    <subfield code="a">المدينة المنورة (السعودية)</subfield>
    <subfield code="x">الأبنية، الإنشاءات، الخ.</subfield>
  </datafield>
  <datafield tag="651" ind1=" " ind2="4">
    <subfield code="a">المدينة المنورة (السعودية)</subfield>
    <subfield code="x">تاريخ.</subfield>
  </datafield>
  <datafield tag="651" ind1=" " ind2="4">
    <subfield code="a">المدينة المنورة (السعودية)</subfield>
    <subfield code="x">وصف ورحلات.</subfield>
  </datafield>
  <datafield tag="651" ind1=" " ind2="0">
    <subfield code="a">Medina (Saudi Arabia)</subfield>
    <subfield code="x">Buildings, structures, etc..</subfield>
  </datafield>
  <datafield tag="651" ind1=" " ind2="0">
    <subfield code="a">Medina (Saudi Arabia)</subfield>
    <subfield code="x">History.</subfield>
  </datafield>
  <datafield tag="651" ind1=" " ind2="0">
    <subfield code="a">Medina (Saudi Arabia)</subfield>
    <subfield code="x">Description and travel.</subfield>
  </datafield>
  <datafield tag="775" ind1="0" ind2=" ">
    <subfield code="6">880-06</subfield>
    <subfield code="t">Kitāb Wafā’ al-wafā bi-akhbār dār al-Muṣṭafá.</subfield>
    <subfield code="b">al-Ṭab‘ah al-ūlá</subfield>
    <subfield code="d">Miṣr : Maṭba‘at al-Sa‘ādah, 1955</subfield>
    <subfield code="w">b19030290</subfield>
  </datafield>
  <datafield tag="775" ind1="0" ind2=" ">
    <subfield code="6">880-07</subfield>
    <subfield code="t">Wafā’ al-wafā bi-akhbār dār al-Muṣṭafá </subfield>
    <subfield code="b">الطبعة الأولى</subfield>
    <subfield code="d">Makkah al-Mukarramah : Mu’assasat al-Furqān lil-Turāth al-Islāmī, 2001</subfield>
    <subfield code="w">(OCoLC)784572774</subfield>
    <subfield code="w">(OCoLC)784572774</subfield>
  </datafield>
  <datafield tag="852" ind1=" " ind2=" ">
    <subfield code="a">Jafet Library</subfield>
    <subfield code="e">American University of Beirut, Bliss Street , Beirut, Lebanon.</subfield>
  </datafield>
  <datafield tag="880" ind1="1" ind2=" ">
    <subfield code="6">100-01/(3/r</subfield>
    <subfield code="a">السمهودي، علي بن عبد الله،</subfield>
    <subfield code="d">1440-1506،</subfield>
    <subfield code="e">مؤلف. </subfield>
    <subfield code="4">aut.</subfield>
  </datafield>
  <datafield tag="880" ind1="1" ind2="0">
    <subfield code="6">245-02/(3/r</subfield>
    <subfield code="a">كتاب وفاء الوفا بأخبار دار المصطفى صلى الله عليه وسلم /</subfield>
    <subfield code="c">تأليف الشيخ الإمام العلامة والعمدة الفهامة شيخ الإسلام ومفتي الأنام أوحد العلماء الأعلام ذو التصانيف المفيدة والمؤلفات الفريدة العديدة السيد الشريف نور الدين علي بن السيد الشريف العالم العلامة المحقق المدقق جمال الدين أبو المحاسن عبد الله بن السيد الشريف شهاب الدين بن العباس أحمد الحسيني الشافعي السمهودي، نزيل طيبة المشرفة.</subfield>
  </datafield>
  <datafield tag="880" ind1="3" ind2="0">
    <subfield code="6">246-03/(3/r</subfield>
    <subfield code="a">وفاء الوفا بأخبار دار المصطفى</subfield>
  </datafield>
  <datafield tag="880" ind1=" " ind2="1">
    <subfield code="6">264-04/(3/r</subfield>
    <subfield code="a">مصر :</subfield>
    <subfield code="b">مطبعة الآداب والمؤيد،</subfield>
    <subfield code="c">1326 هـ.، [1908؟ م.]</subfield>
  </datafield>
  <datafield tag="880" ind1=" " ind2=" ">
    <subfield code="6">300-05/(3/r</subfield>
    <subfield code="a">4 أجزاء ؛</subfield>
    <subfield code="c">23 سم</subfield>
  </datafield>
  <datafield tag="880" ind1="0" ind2=" ">
    <subfield code="6">775-06/(3/r</subfield>
    <subfield code="t">كتاب وفاء الوفا بأخبار دار المصطفى.</subfield>
    <subfield code="b">الطبعة الأولى</subfield>
    <subfield code="d">مصر : مطبعة السعادة، 1955</subfield>
    <subfield code="w">b19030290</subfield>
  </datafield>
  <datafield tag="880" ind1="0" ind2=" ">
    <subfield code="6">775-07/(3/r</subfield>
    <subfield code="t">وفاء الوفاء باخبار دار المصطفى.</subfield>
    <subfield code="d">مكة المكرمة : مؤسسة الفرقان للتراث الاسلامي، c2001</subfield>
    <subfield code="w">b14028116</subfield>
    <subfield code="w">b14028116</subfield>
    <subfield code="w">(OCoLC)784572774</subfield>
  </datafield>
  <datafield tag="907" ind1=" " ind2=" ">
    <subfield code="a">.b12684405</subfield>
    <subfield code="b">17-01-10</subfield>
    <subfield code="c">11-05-24</subfield>
  </datafield>
  <datafield tag="907" ind1=" " ind2=" ">
    <subfield code="a">.b12684405</subfield>
    <subfield code="b">15-10-15</subfield>
    <subfield code="c">11-05-24</subfield>
  </datafield>
  <datafield tag="945" ind1=" " ind2=" ">
    <subfield code="f">J</subfield>
    <subfield code="a">953.8:S188wA:v.1:c.1</subfield>
    <subfield code="i">01053411</subfield>
    <subfield code="j">.i19305424</subfield>
    <subfield code="l">u0503</subfield>
  </datafield>
  <datafield tag="945" ind1=" " ind2=" ">
    <subfield code="f">J</subfield>
    <subfield code="a">953.8:S188wA:v.2:c.1</subfield>
    <subfield code="i">01053412</subfield>
    <subfield code="j">.i19305436</subfield>
    <subfield code="l">u0503</subfield>
  </datafield>
  <datafield tag="945" ind1=" " ind2=" ">
    <subfield code="f">J</subfield>
    <subfield code="a">953.8:S188wA:v.3:c.1</subfield>
    <subfield code="i">01053413</subfield>
    <subfield code="j">.i19305448</subfield>
    <subfield code="l">u0503</subfield>
  </datafield>
  <datafield tag="945" ind1=" " ind2=" ">
    <subfield code="f">J</subfield>
    <subfield code="a">953.8:S188wA:v.4:c.1</subfield>
    <subfield code="i">01053414</subfield>
    <subfield code="j">.i1930545x</subfield>
    <subfield code="l">u0503</subfield>
  </datafield>
  <datafield tag="998" ind1=" " ind2=" ">
    <subfield code="a">u05</subfield>
    <subfield code="b">11-05-24</subfield>
    <subfield code="c">m</subfield>
    <subfield code="d">a</subfield>
    <subfield code="e">-</subfield>
    <subfield code="f">ara</subfield>
    <subfield code="g">ua </subfield>
    <subfield code="h">0</subfield>
    <subfield code="i">0</subfield>
  </datafield>
</record>
</collection>
